@article{srivastava14,
  author  = {Nitish Srivastava and Geoffrey Hinton and Alex Krizhevsky and Ilya Sutskever and Ruslan Salakhutdinov},
  title   = {Dropout: A Simple Way to Prevent Neural Networks from Overfitting},
  journal = {Journal of Machine Learning Research},
  year    = {2014},
  volume  = {15},
  number  = {56},
  pages   = {1929--1958}
}
@article{ioffe15,
  author    = {Sergey Ioffe and
               Christian Szegedy},
  title     = {Batch Normalization: Accelerating Deep Network Training by Reducing
               Internal Covariate Shift},
  journal   = {CoRR},
  volume    = {abs/1502.03167},
  year      = {2015},
  eprinttype = {arXiv},
  eprint    = {1502.03167},
  timestamp = {Mon, 13 Aug 2018 16:47:06 +0200},
  biburl    = {https://dblp.org/rec/journals/corr/IoffeS15.bib},
  bibsource = {dblp computer science bibliography, https://dblp.org}
}
@inproceedings{kohler2019,
  title={Exponential convergence rates for batch normalization: The power of length-direction decoupling in non-convex optimization},
  author={Kohler, Jonas and Daneshmand, Hadi and Lucchi, Aurelien and Hofmann, Thomas and Zhou, Ming and Neymeyr, Klaus},
  booktitle={The 22nd International Conference on Artificial Intelligence and Statistics},
  pages={806--815},
  year={2019},
  organization={PMLR}
}
@INPROCEEDINGS{chai2020,
  author={Chai, Elaina and Pilanci, Mert and Murmann, Boris},
  booktitle={2020 54th Asilomar Conference on Signals, Systems, and Computers}, 
  title={Separating the Effects of Batch Normalization on CNN Training Speed and Stability Using Classical Adaptive Filter Theory}, 
  year={2020},
  volume={},
  number={},
  pages={1214-1221}}
  @article{muller2021,
  author    = {Samuel G. M{\"{u}}ller and
               Frank Hutter},
  title     = {TrivialAugment: Tuning-free Yet State-of-the-Art Data Augmentation},
  journal   = {CoRR},
  volume    = {abs/2103.10158},
  year      = {2021}}

  @article{dogus2018,
  author    = {Ekin Dogus Cubuk and
               Barret Zoph and
               Dandelion Man{\'{e}} and
               Vijay Vasudevan and
               Quoc V. Le},
  title     = {AutoAugment: Learning Augmentation Policies from Data},
  journal   = {CoRR},
  volume    = {abs/1805.09501},
  year      = {2018}}