@article{cohen16,
  author    = {Taco S. Cohen and
               Max Welling},
  title     = {Group Equivariant Convolutional Networks},
  journal   = {CoRR},
  volume    = {abs/1602.07576},
  year      = {2016},
  url       = {http://arxiv.org/abs/1602.07576},
  eprinttype = {arXiv},
  eprint    = {1602.07576},
  timestamp = {Mon, 13 Aug 2018 16:47:18 +0200},
  biburl    = {https://dblp.org/rec/journals/corr/CohenW16.bib},
  bibsource = {dblp computer science bibliography, https://dblp.org}
}